<?xml version="1.0" encoding="UTF-8"?><collection xmlns="http://www.loc.gov/MARC21/slim"><record><leader>00681nam--2200181-i-4500</leader><controlfield tag="001">000000322</controlfield><controlfield tag="002">20161230</controlfield><controlfield tag="005">20161230201024</controlfield><controlfield tag="008">060222s1000------------r-----000-0-eng-d</controlfield><datafield ind1=" " ind2=" " tag="040"><subfield code="a">IFIN-HH</subfield></datafield><datafield ind1=" " ind2=" " tag="080"><subfield code="a">539.1</subfield></datafield><datafield ind1="1" ind2=" " tag="100"><subfield code="a">Aitchison, I.J.R</subfield></datafield><datafield ind1="1" ind2="0" tag="245"><subfield code="a">Progress in nuclear physics</subfield><subfield code="b">Volume 13 rudolf peierls and theoretical physics proceedings of the symposium held in oxford, on july 11th &amp; 12th 1974, to mark the occasion of the retirement of professor sir rudolf e. peierls, f.r.s., c.b.e</subfield><subfield code="c">I.j.r. aitchison, j.e. paton (eds.)</subfield></datafield><datafield ind1=" " ind2=" " tag="260"><subfield code="a">Oxford</subfield><subfield code="b">Pergamon Press</subfield><subfield code="c">1977</subfield></datafield><datafield ind1=" " ind2=" " tag="300"><subfield code="a">119P</subfield></datafield><datafield ind1="1" ind2=" " tag="700"><subfield code="a">Paton, J.E</subfield><subfield code="e">Ed</subfield></datafield><datafield ind1=" " ind2=" " tag="852"><subfield code="a">10007</subfield><subfield code="c">539</subfield></datafield><datafield ind1=" " ind2=" " tag="CAT"><subfield code="a">Sys</subfield><subfield code="c">20110921</subfield><subfield code="h">141434</subfield></datafield></record></collection>